@misc{ seguridadSocial,
       author = "Cotizaci√≥n seguirdad social",
       year = "2019",
       howpublished = "\url{http://www.seg-social.es/wps/portal/wss/internet/Trabajadores/CotizacionRecaudacionTrabajadores/36537}"
}
@misc{ licencia,
       author = "Definicion de licencia",
       year = "2019",
       howpublished = "\url{https://es.wikipedia.org/wiki/Licencia}"
}

@misc{ MIT,
       author = "Licencia MIT",b
       year = "2019",
       howpublished = "\url{https://es.wikipedia.org/wiki/Licencia_MIT}"
}




