@misc{ informacionB,
       author = "Información Blockchain",
       year = "2019",
       howpublished = "\url{https://www.binance.vision/es/blockchain/history-of-blockchain}"
}
@misc{ libro,
       author = "Henrik Kniberg",
       year = "2019",
       howpublished = "\url{http://www.proyectalis.com/wp-content/uploads/2008/02/scrum-y-xp-desde-las-trincheras.pdf}"
}
@misc{ bitcoin,
       author = "Bitcoin",
       year = "2019",
       howpublished = "\url{https://www.queesbitcoin.info/}"
}
@misc{ bitcoin1,
       author = "Bitcoin",
       year = "2019",
       howpublished = "\url{https://bitcoin.org/es/}"
}
@misc{ ethereum,
       author = "Ethereum",
       year = "2019",
       howpublished = "\url{https://es.wikipedia.org/wiki/Ethereum#cite_note-wall-2}"
}
@misc{ ethereum1,
       author = "¿Que es y para que sirve \textit{Ethereum}?",
       year = "2019",
       howpublished = "\url{https://en.wikipedia.org/wiki/Ethereum}"
}
@misc{ solidity,
       author = "Solidity",
       year = "2019",
       howpublished = "\url{https://solidity-es.readthedocs.io/es/latest/}"
}
@misc{ solidity1,
       author = "Solidity, ¿Para que sirve?",
       year = "2019",
       howpublished = "\url{https://www.miethereum.com/smart-contracts/solidity/}"
}
@misc{ solidity2,
       author = "Solidity, más datos",
       year = "2019",
       howpublished = "\url{https://www.miethereum.com/smart-contracts/solidity/#toc6}"
}
@misc{ php1,
       author = "PHP, introducción",
       year = "2019",
       howpublished = "\url{https://es.wikipedia.org/wiki/PHP}"
}
@misc{ php,
       author = "PHP, breve explicación",
       year = "2019",
       howpublished = "\url{https://www.deustoformacion.com/blog/programacion-diseno-web/7-caracteristicas-lenguaje-php-que-lo-convierten-uno-mas-potentes}"
}
@misc{ css,
       author = "CSS, ¿Qué es y para que se usa?",
       year = "2019",
       howpublished = "\url{https://es.wikipedia.org/wiki/Hoja_de_estilos_en_cascada}"
}
@misc{ marcado,
       author = "Lenguaje de marcado, ¿qué es?",
       year = "2019",
       howpublished = "\url{https://es.wikipedia.org/wiki/Lenguaje_de_marcadoL}"
}
@misc{ VS-code,
       author = "¿Porqué Visual Stuido Code?",
       year = "2019",
       howpublished = "\url{https://blogs.itpro.es/eduardocloud/2016/08/22/visual-studio-code-que-es-y-que-no-es/}"
}
@misc{ xampp,
       author = "Base de Datos XAMPP",
       year = "2019",
       howpublished = "\url{http://panamahitek.com/bases-de-datos-mysql-con-xampp/}"
}

@misc{ truffle,
       author = "Truffle",
       year = "2019",
       howpublished = "\url{https://www.trufflesuite.com/}"
}
@misc{ dif:Ethereum:Bitcoin,
       author = "Diferencia Ethereum vs Bitcoin",
       year = "2019",
       howpublished = "\url{https://www.luno.com/learn/es/article/whats-the-difference-between-bitcoin-and-ethereum}"
}
@misc{ hyperledger,
       author = "Hyperledger y proyectos de Hyperledger",
       year = "2019",
       howpublished = "\url{https://www.eleconomista.es/economia/noticias/8899454/01/18/Hyperledger-la-Blockchain-privada-que-todos-tenemos-que-conocer.html}"
}
@misc{ blockcahin,
       author = "Blockcahin",
       year = "2019",
       howpublished = "\url{http://cryptoparaprincipiantes.org/plataformas-de-desarrollo-blockchain.html#Que_es_Blockchain}"
}
@misc{ dapp,
       author = "Dapp y tipos de Dapp",
       year = "2019",
       howpublished = "\url{https://www.miethereum.com/smart-contracts/dapps/#toc10}"
}
@misc{ dapp,
       author = "¿Que son las Dapp?",
       year = "2019",
       howpublished = "\url{https://iuta.education/noticias/que-es-una-dapp/}"
}
@misc{ empresas,
       author = "Empresas que apuestan por Blockchain",
       year = "2019",
       howpublished = "\url{https://criptotendencia.com/2018/02/18/que-empresas-estan-adoptando-la-tecnologia-blockchain/}"
}
@misc{ foto,
       author = "Foto de las empresas que utilizan \textit{Blochain}",
       year = "2019",
       howpublished = "\url{https://101blockchains.com/es/empresas-implementando-blockchain/}"
}
@misc{ smartContract,
       author = "¿Qué son los \textit{smart contract}?",
       year = "2019",
       howpublished = "\url{https://blockgeeks.com/guides/es/contratos-inteligentes/}"
}
@misc{ smartContract1,
       author = "¿Qué son los \textit{smart contract}?",
       year = "2019",
       howpublished = "\url{https://academy.bit2me.com/que-son-los-smart-contracts/}"
}
@misc{ litecoin,
       author = "¿Qué es \textit{litecoin}?",
       year = "2019",
       howpublished = "\url{https://efxto.com/divisas/criptomonedas/litecoin}"
}
@misc{ tron,
       author = "¿Qué es \textit{tron}?",
       year = "2019",
       howpublished = "\url{https://www.brokeronline.es/tron/}"
}
@misc{ neo,
       author = "¿Qué es \textit{neo}?",
       year = "2019",
       howpublished = "\url{https://www.criptolog.com/que-es-neo/}"
}
@misc{ neo1,
       author = "¿Qué es \textit{neo}?",
       year = "2019",
       howpublished = "\url{https://www.fayerwayer.com/2018/04/neo-plataformas-blockchain/}"
}
@misc{ waves,
       author = "¿Qué es \textit{waves}?",
       year = "2019",
       howpublished = "\url{https://coinlist.me/es/altcoins/waves/}"
}
@misc{ eos,
       author = "¿Qué es \textit{EOS}?",
       year = "2019",
       howpublished = "\url{https://www.bitcobie.com/eos/}"
}
@misc{ gas,
       author = "¿Qué es el \textit{Gas}?",
       year = "2019",
       howpublished = "\url{https://www.criptonoticias.com/criptopedia/que-es-ethereum-eth/}"
}
@misc{ crowdfunding,
       author = "¿Qué es el \textit{crowdfunding}?",
       year = "2019",
       howpublished = "\url{https://en.wikipedia.org/wiki/Crowdfunding}"
}

@misc{ gitlab,
       author = "¿Qué es \textit{GitLab}?",
       year = "2019",
       howpublished = "\url{https://es.wikipedia.org/wiki/GitLab}"
}
@misc{ latex,
       author = "¿Qué es \textit{Latex}?",
       year = "2019",
       howpublished = "\url{https://www.latex-project.org/about/}"
}
@misc{ html,
       author = "¿Qué es y para que se usa\textit{HTML}?",
       year = "2019",
       howpublished = "\url{https://es.wikipedia.org/wiki/HTML}"
}
@misc{ node,
       author = " Node, ¿Qué es?",
       year = "2019",
       howpublished = "\url{https://es.wikipedia.org/wiki/Node.js}"
}
@misc{ node1,
       author = "Acerca de Node.js",
       year = "2019",
       howpublished = "\url{https://nodejs.org/es/about/}"
}
@misc{ metamask,
       author = "Metamask",
       year = "2019",
       howpublished = "\url{https://metamask.io/}"
}
@misc{ metamask,
       author = "Metamask, como herrmienta",
       year = "2019",
       howpublished = "\url{https://www.criptonoticias.com/aplicaciones/metamask-puente-ethereum-navegador/}"
}
@misc{ ganache,
       author = "¿Qué es y para que se usa\textit{ganache}?",
       year = "2019",
       howpublished = "\url{https://truffleframework.com/ganache}"
}
@misc{ pow,
       author = "\textit{Proof of work} o prueba de trabajo",
       year = "2019",
       howpublished = "\url{https://academy.bit2me.com/que-es-proof-of-work-pow/}"
}
@misc{ pos,
       author = "\textit{Proof of stake} o prueba de participación",
       year = "2019",
       howpublished = "\url{https://es.wikipedia.org/wiki/Prueba_de_participaci%C3%B3n}"
}
@misc{ remix,
       author = "\textit{Remix}, ¿qué es?",
       year = "2019",
       howpublished = "\url{https://theethereum.wiki/w/index.php/Remix}"
}
@misc{ crypto,
       author = "CryptoZombies",
       year = "2019",
       howpublished = "\url{https://cryptozombies.io/es/course/}"
}
@misc{ shop,
       author = "Pet-shop",
       year = "2019",
       howpublished = "\url{https://truffleframework.com/tutorials/pet-shop}"
}
@misc{ gatos,
       author = "Crypto Kitties",
       year = "2019",
       howpublished = "\url{https://www.criptonoticias.com/tutoriales/tutorial-cria-intercambia-cryptokitties-gatitos-viven-blockchain-ethereum/}"
}
@misc{ brave,
       author = "Brave",
       year = "2019",
       howpublished = "\url{https://brave.com/}"
}
@misc{ chromium,
       author = "Chromium",
       year = "2019",
       howpublished = "\url{https://es.wikipedia.org/wiki/Chromium_(navegador)}"
}





